{
  "leader": "02935cam a2200517Ia 4500",
  "fields": [
    {
      "001": "ocn681739063"
    },
    {
      "003": "OCoLC"
    },
    {
      "005": "20220106122655.0"
    },
    {
      "008": "101115s2011\\\\\\\\mnua\\\\\\\\\\b\\\\\\\\001\\0\\eng\\\\"
    },
    {
      "006": "m\\\\\\\\\\\\\\\\d\\\\\\\\\\\\\\\\"
    },
    {
      "007": "cr\\|||||||||||"
    },
    {
      "010": {
        "ind1": "\\",
        "ind2": "\\",
        "subfields": [
          {
            "a": "  2010044942"
          }
        ]
      }
    },
    {
      "040": {
        "ind1": "\\",
        "ind2": "\\",
        "subfields": [
          {
            "a": "DLC"
          },
          {
            "b": "eng"
          },
          {
            "c": "DLC"
          },
          {
            "d": "YDX"
          },
          {
            "d": "YDXCP"
          },
          {
            "d": "CDX"
          },
          {
            "d": "IG#"
          },
          {
            "d": "UKMGB"
          },
          {
            "d": "IAD"
          },
          {
            "d": "CHVBK"
          },
          {
            "d": "STF"
          },
          {
            "d": "GBVCP"
          },
          {
            "d": "OCLCQ"
          },
          {
            "d": "MCO"
          },
          {
            "d": "OCLCF"
          },
          {
            "d": "OCLCO"
          },
          {
            "d": "BUB"
          },
          {
            "d": "AU@"
          },
          {
            "d": "OCLCQ"
          }
        ]
      }
    },
    {
      "016": {
        "ind1": "7",
        "ind2": "\\",
        "subfields": [
          {
            "a": "015796843"
          },
          {
            "2": "Uk"
          }
        ]
      }
    },
    {
      "019": {
        "ind1": "\\",
        "ind2": "\\",
        "subfields": [
          {
            "a": "1052837594"
          },
          {
            "a": "1058031364"
          }
        ]
      }
    },
    {
      "020": {
        "ind1": "\\",
        "ind2": "\\",
        "subfields": [
          {
            "a": "9781936117499"
          },
          {
            "q": "(alk. paper)"
          }
        ]
      }
    },
    {
      "020": {
        "ind1": "\\",
        "ind2": "\\",
        "subfields": [
          {
            "a": "1936117495"
          },
          {
            "q": "(alk. paper)"
          }
        ]
      }
    },
    {
      "035": {
        "ind1": "\\",
        "ind2": "\\",
        "subfields": [
          {
            "a": "(OCoLC)681739063"
          },
          {
            "z": "(OCoLC)1052837594"
          },
          {
            "z": "(OCoLC)1058031364"
          }
        ]
      }
    },
    {
      "042": {
        "ind1": "\\",
        "ind2": "\\",
        "subfields": [
          {
            "a": "pcc"
          }
        ]
      }
    },
    {
      "050": {
        "ind1": "0",
        "ind2": "0",
        "subfields": [
          {
            "a": "CD971"
          },
          {
            "b": ".C68 2011"
          }
        ]
      }
    },
    {
      "082": {
        "ind1": "0",
        "ind2": "0",
        "subfields": [
          {
            "a": "027"
          },
          {
            "b": "COX"
          }
        ]
      }
    },
    {
      "100": {
        "ind1": "1",
        "ind2": "\\",
        "subfields": [
          {
            "a": "Cox, Richard J."
          }
        ]
      }
    },
    {
      "245": {
        "ind1": "1",
        "ind2": "0",
        "subfields": [
          {
            "a": "Archival anxiety and the vocational calling /"
          },
          {
            "c": "by Richard J. Cox."
          }
        ]
      }
    },
    {
      "260": {
        "ind1": "\\",
        "ind2": "\\",
        "subfields": [
          {
            "a": "Duluth, Minnesota :"
          },
          {
            "b": "Litwin Books, LLC,"
          },
          {
            "c": "2011."
          }
        ]
      }
    },
    {
      "300": {
        "ind1": "\\",
        "ind2": "\\",
        "subfields": [
          {
            "a": "xv, 355 pages :"
          },
          {
            "b": "illustrations ;"
          },
          {
            "c": "23 cm"
          }
        ]
      }
    },
    {
      "336": {
        "ind1": "\\",
        "ind2": "\\",
        "subfields": [
          {
            "a": "text"
          },
          {
            "b": "txt"
          },
          {
            "2": "rdacontent"
          }
        ]
      }
    },
    {
      "337": {
        "ind1": "\\",
        "ind2": "\\",
        "subfields": [
          {
            "a": "unmediated"
          },
          {
            "b": "n"
          },
          {
            "2": "rdamedia"
          }
        ]
      }
    },
    {
      "338": {
        "ind1": "\\",
        "ind2": "\\",
        "subfields": [
          {
            "a": "volume"
          },
          {
            "b": "nc"
          },
          {
            "2": "rdacarrier"
          }
        ]
      }
    },
    {
      "504": {
        "ind1": "\\",
        "ind2": "\\",
        "subfields": [
          {
            "a": "Includes bibliographical references (pages 315-344) and index."
          }
        ]
      }
    },
    {
      "505": {
        "ind1": "0",
        "ind2": "\\",
        "subfields": [
          {
            "a": "The archival calling -- Public memory meets archival memory : the interpretation of Williamsburg's Secretary's office -- Public and private history in Colonial Williamsburg : a memoir of a half-century and a view to a calling -- Empty temples : challenges for modern government archives and records management -- Secrecy, archives, and the archivist -- The National Archives reclassification scandal -- Archival ethics : the truth of the matter -- The archives & archivists listserv controversy -- The Anthony Clark case, SAA, and professional ethics -- Revisiting the archival finding aid -- Teaching unpleasant things -- Arguing about appraisal in the age of forgetfulness."
          }
        ]
      }
    },
    {
      "520": {
        "ind1": "\\",
        "ind2": "\\",
        "subfields": [
          {
            "a": "The collection of essays responds to anxieties affecting the archival profession as societal changes highlight the importance of archives and records-keeping and begin to push archival work in new directions. From publisher description."
          }
        ]
      }
    },
    {
      "650": {
        "ind1": "\\",
        "ind2": "0",
        "subfields": [
          {
            "a": "Archives"
          },
          {
            "x": "Social aspects."
          }
        ]
      }
    },
    {
      "650": {
        "ind1": "\\",
        "ind2": "0",
        "subfields": [
          {
            "a": "Archives"
          },
          {
            "x": "Study and teaching (Higher)"
          }
        ]
      }
    },
    {
      "650": {
        "ind1": "\\",
        "ind2": "0",
        "subfields": [
          {
            "a": "Archives"
          },
          {
            "x": "Moral and ethical aspects."
          }
        ]
      }
    },
    {
      "650": {
        "ind1": "\\",
        "ind2": "0",
        "subfields": [
          {
            "a": "Archivists"
          },
          {
            "x": "Training of."
          }
        ]
      }
    },
    {
      "650": {
        "ind1": "\\",
        "ind2": "0",
        "subfields": [
          {
            "a": "Archivists"
          },
          {
            "x": "Professional ethics."
          }
        ]
      }
    },
    {
      "650": {
        "ind1": "\\",
        "ind2": "7",
        "subfields": [
          {
            "a": "Archives"
          },
          {
            "x": "Moral and ethical aspects."
          },
          {
            "2": "fast"
          },
          {
            "0": "(OCoLC)fst00814069"
          }
        ]
      }
    },
    {
      "650": {
        "ind1": "\\",
        "ind2": "7",
        "subfields": [
          {
            "a": "Archives"
          },
          {
            "x": "Study and teaching (Higher)"
          },
          {
            "2": "fast"
          },
          {
            "0": "(OCoLC)fst00814092"
          }
        ]
      }
    },
    {
      "650": {
        "ind1": "\\",
        "ind2": "7",
        "subfields": [
          {
            "a": "Archivists"
          },
          {
            "x": "Professional ethics."
          },
          {
            "2": "fast"
          },
          {
            "0": "(OCoLC)fst00814113"
          }
        ]
      }
    },
    {
      "650": {
        "ind1": "\\",
        "ind2": "7",
        "subfields": [
          {
            "a": "Archivists"
          },
          {
            "x": "Training of."
          },
          {
            "2": "fast"
          },
          {
            "0": "(OCoLC)fst00814115"
          }
        ]
      }
    },
    {
      "776": {
        "ind1": "1",
        "ind2": "\\",
        "subfields": [
          {
            "z": "9781936117499"
          },
          {
            "z": "1936117495"
          }
        ]
      }
    },
    {
      "856": {
        "ind1": "4",
        "ind2": "1",
        "subfields": [
          {
            "u": "http://gse.publisher.ingentaconnect.com/content/litwin/379rs5"
          },
          {
            "z": "SOL Greenleaf Publishing"
          }
        ]
      }
    },
    {
      "856": {
        "ind1": "4",
        "ind2": "1",
        "subfields": [
          {
            "u": "http://www.ingentaconnect.com/content/9781936117499"
          },
          {
            "z": "SOL Greenleaf Publishing"
          }
        ]
      }
    },
    {
      "994": {
        "ind1": "\\",
        "ind2": "\\",
        "subfields": [
          {
            "a": "Z0"
          },
          {
            "b": "NYRVC"
          }
        ]
      }
    },
    {
      "948": {
        "ind1": "\\",
        "ind2": "\\",
        "subfields": [
          {
            "h": "NO HOLDINGS IN NYRVC - 89 OTHER HOLDINGS"
          }
        ]
      }
    },
    {
      "999": {
        "ind1": "\\",
        "ind2": "\\",
        "subfields": [
          {
            "a": "00000000017296"
          }
        ]
      }
    }
  ]
}